@misc{KOMAScriptDoc,
	title = {{KOMA-Script Documentation Project {$\vert$} Aktive Anwender verbessern KOMA-Script.}},
	year = {2019},
	month = {Feb},
	note = {[Online; accessed 18. Feb. 2019]},
	url = {https://komascript.de}
}
@book{James2013,
abstract = {... But ESL is intended for individuals with ad- vanced training in the mathematical sciences. An Introduction to Statistical Learning (ISL) arose from the perceived need for a broader and less tech- nical treatment of these topics. ... $\backslash$n},
archivePrefix = {arXiv},
arxivId = {arXiv:1011.1669v3},
author = {James, Gareth and Witten, Daniela and Hastie, Trevor and Tibshirani, Robert},
booktitle = {An Introd. to Stat. Learn.},
doi = {10.1007/978-1-4614-7138-7},
eprint = {arXiv:1011.1669v3},
isbn = {978-1-4614-7137-0},
issn = {01621459},
pmid = {10911016},
title = {{An Introduction to Statistical Learning}},
url = {http://www.google.com},
year = {2013}
}
@article{Battle2014,
abstract = {},
archivePrefix = {arXiv},
arxivId = {NIHMS150003},
author = {Battle, Alexis and Mostafavi},
doi = {10.1101/gr.155192.113},
eprint = {NIHMS150003},
journal = {Genome Res.},
number = {1},
pages = {14--24},
pmid = {24092820},
title = {{Characterizing the genetic basis of transcriptome diversity through RNA-sequencing of 922 individuals}},
volume = {24},
year = {2014}
}
@article{Andreu2021,
 author  = {Andreu, Abraham and Qayyah Moynihan},
 date    = {2021-09-24},
 title   = {Humans won't be able to control a superintelligent AI, according to a study},
 journal = {Business Insider},
 url     = {https://www.businessinsider.com/mankind-will-not-be-able-to-control-artificial-intelligence-according-to-study},
 urldate = {2021-09-24}
}
